%YAML 1.1
%TAG !u! tag:unity3d.com,2011:
--- !u!1 &1926713263296134
GameObject:
  m_ObjectHideFlags: 0
  m_CorrespondingSourceObject: {fileID: 0}
  m_PrefabInstance: {fileID: 0}
  m_PrefabAsset: {fileID: 0}
  serializedVersion: 6
  m_Component:
  - component: {fileID: 4208904477339960}
  - component: {fileID: 212184907693004498}
  - component: {fileID: 95609942275975470}
  - component: {fileID: 50119444476182600}
  - component: {fileID: 61069480954593892}
  - component: {fileID: 114561207238511150}
  - component: {fileID: 114483215272364704}
  - component: {fileID: 114166535552879814}
  - component: {fileID: 114263704620590356}
  - component: {fileID: 114011464235792590}
  - component: {fileID: 114549455820161378}
  - component: {fileID: 114559378879004562}
  - component: {fileID: 114516315436037282}
  - component: {fileID: 114315829090353736}
  - component: {fileID: 114874041011462272}
  - component: {fileID: 114931724555657090}
  - component: {fileID: 114621834260331780}
  - component: {fileID: 114666484783241030}
  m_Layer: 13
  m_Name: FlyingMonsterLvl1
  m_TagString: Enemies
  m_Icon: {fileID: 0}
  m_NavMeshLayer: 0
  m_StaticEditorFlags: 0
  m_IsActive: 1
--- !u!4 &4208904477339960
Transform:
  m_ObjectHideFlags: 0
  m_CorrespondingSourceObject: {fileID: 0}
  m_PrefabInstance: {fileID: 0}
  m_PrefabAsset: {fileID: 0}
  m_GameObject: {fileID: 1926713263296134}
  m_LocalRotation: {x: 0, y: 0, z: 0, w: 1}
  m_LocalPosition: {x: -3.22, y: 2.6309853, z: 0}
  m_LocalScale: {x: 3.1397982, y: 3.1397982, z: 3.1397982}
  m_Children: []
  m_Father: {fileID: 0}
  m_RootOrder: 0
  m_LocalEulerAnglesHint: {x: 0, y: 0, z: 0}
--- !u!212 &212184907693004498
SpriteRenderer:
  m_ObjectHideFlags: 0
  m_CorrespondingSourceObject: {fileID: 0}
  m_PrefabInstance: {fileID: 0}
  m_PrefabAsset: {fileID: 0}
  m_GameObject: {fileID: 1926713263296134}
  m_Enabled: 1
  m_CastShadows: 0
  m_ReceiveShadows: 0
  m_DynamicOccludee: 1
  m_MotionVectors: 1
  m_LightProbeUsage: 1
  m_ReflectionProbeUsage: 1
  m_RenderingLayerMask: 4294967295
  m_RendererPriority: 0
  m_Materials:
  - {fileID: 10754, guid: 0000000000000000f000000000000000, type: 0}
  m_StaticBatchInfo:
    firstSubMesh: 0
    subMeshCount: 0
  m_StaticBatchRoot: {fileID: 0}
  m_ProbeAnchor: {fileID: 0}
  m_LightProbeVolumeOverride: {fileID: 0}
  m_ScaleInLightmap: 1
  m_PreserveUVs: 0
  m_IgnoreNormalsForChartDetection: 0
  m_ImportantGI: 0
  m_StitchLightmapSeams: 0
  m_SelectedEditorRenderState: 0
  m_MinimumChartSize: 4
  m_AutoUVMaxDistance: 0.5
  m_AutoUVMaxAngle: 89
  m_LightmapParameters: {fileID: 0}
  m_SortingLayerID: 0
  m_SortingLayer: 0
  m_SortingOrder: 2
  m_Sprite: {fileID: 21300000, guid: 0dedfa91ef615a64aba63bac59161d9a, type: 3}
  m_Color: {r: 1, g: 1, b: 1, a: 1}
  m_FlipX: 1
  m_FlipY: 0
  m_DrawMode: 0
  m_Size: {x: 1.5, y: 1.5}
  m_AdaptiveModeThreshold: 0.5
  m_SpriteTileMode: 0
  m_WasSpriteAssigned: 1
  m_MaskInteraction: 0
  m_SpriteSortPoint: 0
--- !u!95 &95609942275975470
Animator:
  serializedVersion: 3
  m_ObjectHideFlags: 0
  m_CorrespondingSourceObject: {fileID: 0}
  m_PrefabInstance: {fileID: 0}
  m_PrefabAsset: {fileID: 0}
  m_GameObject: {fileID: 1926713263296134}
  m_Enabled: 1
  m_Avatar: {fileID: 0}
  m_Controller: {fileID: 9100000, guid: c4535e5e133bc6144adc0730fe4650f7, type: 2}
  m_CullingMode: 0
  m_UpdateMode: 0
  m_ApplyRootMotion: 0
  m_LinearVelocityBlending: 0
  m_WarningMessage: 
  m_HasTransformHierarchy: 1
  m_AllowConstantClipSamplingOptimization: 1
  m_KeepAnimatorControllerStateOnDisable: 0
--- !u!50 &50119444476182600
Rigidbody2D:
  serializedVersion: 4
  m_ObjectHideFlags: 0
  m_CorrespondingSourceObject: {fileID: 0}
  m_PrefabInstance: {fileID: 0}
  m_PrefabAsset: {fileID: 0}
  m_GameObject: {fileID: 1926713263296134}
  m_BodyType: 1
  m_Simulated: 1
  m_UseFullKinematicContacts: 0
  m_UseAutoMass: 0
  m_Mass: 1
  m_LinearDrag: 0
  m_AngularDrag: 0.05
  m_GravityScale: 1
  m_Material: {fileID: 0}
  m_Interpolate: 0
  m_SleepingMode: 1
  m_CollisionDetection: 0
  m_Constraints: 0
--- !u!61 &61069480954593892
BoxCollider2D:
  m_ObjectHideFlags: 0
  m_CorrespondingSourceObject: {fileID: 0}
  m_PrefabInstance: {fileID: 0}
  m_PrefabAsset: {fileID: 0}
  m_GameObject: {fileID: 1926713263296134}
  m_Enabled: 1
  m_Density: 1
  m_Material: {fileID: 0}
  m_IsTrigger: 1
  m_UsedByEffector: 0
  m_UsedByComposite: 0
  m_Offset: {x: 0, y: -0.0076473653}
  m_SpriteTilingProperty:
    border: {x: 0, y: 0, z: 0, w: 0}
    pivot: {x: 0.5, y: 0.5}
    oldSize: {x: 0.25, y: 0.18}
    newSize: {x: 1.5, y: 1.5}
    adaptiveTilingThreshold: 0.5
    drawMode: 0
    adaptiveTiling: 0
  m_AutoTiling: 0
  serializedVersion: 2
  m_Size: {x: 0.22559682, y: 0.20403358}
  m_EdgeRadius: 0
--- !u!114 &114561207238511150
MonoBehaviour:
  m_ObjectHideFlags: 0
  m_CorrespondingSourceObject: {fileID: 0}
  m_PrefabInstance: {fileID: 0}
  m_PrefabAsset: {fileID: 0}
  m_GameObject: {fileID: 1926713263296134}
  m_Enabled: 1
  m_EditorHideFlags: 0
  m_Script: {fileID: 11500000, guid: 76891b3b532f84acaaeed44c357bd00c, type: 3}
  m_Name: 
  m_EditorClassIdentifier: 
  TargetLayerMask:
    serializedVersion: 2
    m_Bits: 512
  DamageCaused: 10
  DamageCausedKnockbackType: 1
  DamageCausedKnockbackDirection: 0
  DamageCausedKnockbackForce: {x: 10, y: 2}
  InvincibilityDuration: 0.5
  DamageTakenEveryTime: 0
  DamageTakenDamageable: 0
  DamageTakenNonDamageable: 0
  DamageTakenKnockbackType: 0
  DamagedTakenKnockbackDirection: 0
  DamageTakenKnockbackForce: {x: 0, y: 0}
  DamageTakenInvincibilityDuration: 0.5
  FreezeFramesOnHitDuration: 0
  Owner: {fileID: 0}
--- !u!114 &114483215272364704
MonoBehaviour:
  m_ObjectHideFlags: 0
  m_CorrespondingSourceObject: {fileID: 0}
  m_PrefabInstance: {fileID: 0}
  m_PrefabAsset: {fileID: 0}
  m_GameObject: {fileID: 1926713263296134}
  m_Enabled: 1
  m_EditorHideFlags: 0
  m_Script: {fileID: 11500000, guid: 8b470d1b161b2454590386135b7fd64f, type: 3}
  m_Name: 
  m_EditorClassIdentifier: 
  CharacterType: 1
  PlayerID: 
  InitialFacingDirection: 1
  DirectionOnSpawn: 0
  CharacterAnimator: {fileID: 95609942275975470}
  UseDefaultMecanim: 1
  CharacterModel: {fileID: 0}
  FlipModelOnDirectionChange: 1
  ModelFlipValue: {x: -1, y: 1, z: 1}
  RotateModelOnDirectionChange: 0
  ModelRotationValue: {x: 0, y: 180, z: 0}
  ModelRotationSpeed: 0
  SendStateChangeEvents: 1
  SendStateUpdateEvents: 1
--- !u!114 &114166535552879814
MonoBehaviour:
  m_ObjectHideFlags: 0
  m_CorrespondingSourceObject: {fileID: 0}
  m_PrefabInstance: {fileID: 0}
  m_PrefabAsset: {fileID: 0}
  m_GameObject: {fileID: 1926713263296134}
  m_Enabled: 1
  m_EditorHideFlags: 0
  m_Script: {fileID: 11500000, guid: 26d2b97c2edb15b4687c405cac22ec21, type: 3}
  m_Name: 
  m_EditorClassIdentifier: 
  DefaultParameters:
    Gravity: -30
    FallMultiplier: 1
    AscentMultiplier: 1
    MaxVelocity: {x: 100, y: 100}
    SpeedAccelerationOnGround: 20
    SpeedAccelerationInAir: 5
    SpeedFactor: 1
    MaximumSlopeAngle: 30
    SlopeAngleSpeedFactor:
      serializedVersion: 2
      m_Curve:
      - serializedVersion: 3
        time: -90
        value: 1
        inSlope: 0
        outSlope: 0
        tangentMode: 0
        weightedMode: 0
        inWeight: 0.33333334
        outWeight: 0.33333334
      - serializedVersion: 3
        time: 0
        value: 1
        inSlope: 0
        outSlope: 0
        tangentMode: 0
        weightedMode: 0
        inWeight: 0.33333334
        outWeight: 0.33333334
      - serializedVersion: 3
        time: 90
        value: 1
        inSlope: 0
        outSlope: 0
        tangentMode: 0
        weightedMode: 0
        inWeight: 0.33333334
        outWeight: 0.33333334
      m_PreInfinity: 2
      m_PostInfinity: 2
      m_RotationOrder: 4
    Physics2DInteraction: 1
    Physics2DPushForce: 2
    DrawRaycastsGizmos: 1
    DisplayWarnings: 1
  PlatformMask:
    serializedVersion: 2
    m_Bits: 536871168
  MovingPlatformMask:
    serializedVersion: 2
    m_Bits: 262144
  OneWayPlatformMask:
    serializedVersion: 2
    m_Bits: 0
  MovingOneWayPlatformMask:
    serializedVersion: 2
    m_Bits: 0
  MidHeightOneWayPlatformMask:
    serializedVersion: 2
    m_Bits: 0
  DetachmentMethod: 0
  StandingOn: {fileID: 0}
  NumberOfHorizontalRays: 8
  NumberOfVerticalRays: 8
  RayOffset: 0.05
  CrouchedRaycastLengthMultiplier: 1
  CastRaysOnBothSides: 0
  StickToSlopes: 0
  StickyRaycastLength: 0
  StickToSlopesOffsetY: 0.2
  AutomaticGravitySettings: 1
--- !u!114 &114263704620590356
MonoBehaviour:
  m_ObjectHideFlags: 0
  m_CorrespondingSourceObject: {fileID: 0}
  m_PrefabInstance: {fileID: 0}
  m_PrefabAsset: {fileID: 0}
  m_GameObject: {fileID: 1926713263296134}
  m_Enabled: 1
  m_EditorHideFlags: 0
  m_Script: {fileID: 11500000, guid: 9716d97790a0a49889284ee813194576, type: 3}
  m_Name: 
  m_EditorClassIdentifier: 
  CurrentHealth: 0
  Invulnerable: 0
  InitialHealth: 1
  MaximumHealth: 1
  DamageEffect: {fileID: 0}
  DamageSfx: {fileID: 8300000, guid: 4709e6d9e03392b4a9d72a8bc19efb69, type: 3}
  FlickerSpriteOnHit: 1
  ImmuneToKnockback: 0
  DeathEffect: {fileID: 1840382646032348, guid: ef769a5453103ca46bc32935b0c500d4,
    type: 3}
  DestroyOnDeath: 1
  DelayBeforeDestruction: 0
  CollisionsOffOnDeath: 1
  DeathForce: {x: 0, y: 10}
  PointsWhenDestroyed: 0
  VibrateOnDeath: 0
  RespawnAtInitialLocation: 0
  isCameraShake: 1
  shakeParameters: {x: 0.5, y: 0.5, z: 1}
  instigateLayer: 16
--- !u!114 &114011464235792590
MonoBehaviour:
  m_ObjectHideFlags: 0
  m_CorrespondingSourceObject: {fileID: 0}
  m_PrefabInstance: {fileID: 0}
  m_PrefabAsset: {fileID: 0}
  m_GameObject: {fileID: 1926713263296134}
  m_Enabled: 1
  m_EditorHideFlags: 0
  m_Script: {fileID: 11500000, guid: e514a2b7cbba3c94fadd9e100df51189, type: 3}
  m_Name: 
  m_EditorClassIdentifier: 
  Top: 1
  Bottom: 2
  Left: 1
  Right: 1
--- !u!114 &114549455820161378
MonoBehaviour:
  m_ObjectHideFlags: 0
  m_CorrespondingSourceObject: {fileID: 0}
  m_PrefabInstance: {fileID: 0}
  m_PrefabAsset: {fileID: 0}
  m_GameObject: {fileID: 1926713263296134}
  m_Enabled: 1
  m_EditorHideFlags: 0
  m_Script: {fileID: 11500000, guid: 1f47703ce4cbee345a405c3ace299961, type: 3}
  m_Name: 
  m_EditorClassIdentifier: 
  AbilityStartSfx: {fileID: 0}
  AbilityInProgressSfx: {fileID: 0}
  AbilityStopSfx: {fileID: 0}
  AbilityPermitted: 1
  FlySpeed: 1
  AlwaysFlying: 1
--- !u!114 &114559378879004562
MonoBehaviour:
  m_ObjectHideFlags: 0
  m_CorrespondingSourceObject: {fileID: 0}
  m_PrefabInstance: {fileID: 0}
  m_PrefabAsset: {fileID: 0}
  m_GameObject: {fileID: 1926713263296134}
  m_Enabled: 1
  m_EditorHideFlags: 0
  m_Script: {fileID: 11500000, guid: eec89e4158bf96841b9bc830fc5385ca, type: 3}
  m_Name: 
  m_EditorClassIdentifier: 
  States:
  - StateName: Hiding
    Actions:
      array:
      - {fileID: 114931724555657090}
    Transitions:
      array:
      - Decision: {fileID: 114516315436037282}
        TrueState: Flying
        FalseState: 
  - StateName: Flying
    Actions:
      array:
      - {fileID: 114621834260331780}
    Transitions:
      array:
      - Decision: {fileID: 114315829090353736}
        TrueState: Flying
        FalseState: 
      - Decision: {fileID: 114874041011462272}
        TrueState: Flying
        FalseState: 
  BrainActive: 1
  TimeInThisState: 0
  Target: {fileID: 0}
--- !u!114 &114516315436037282
MonoBehaviour:
  m_ObjectHideFlags: 0
  m_CorrespondingSourceObject: {fileID: 0}
  m_PrefabInstance: {fileID: 0}
  m_PrefabAsset: {fileID: 0}
  m_GameObject: {fileID: 1926713263296134}
  m_Enabled: 1
  m_EditorHideFlags: 0
  m_Script: {fileID: 11500000, guid: 6c522f668e1b331438fd11022c69a8a5, type: 3}
  m_Name: 
  m_EditorClassIdentifier: 
  Radius: 25.39
  DetectionOriginOffset: {x: 0, y: 0, z: 0}
  TargetLayer:
    serializedVersion: 2
    m_Bits: 512
--- !u!114 &114315829090353736
MonoBehaviour:
  m_ObjectHideFlags: 0
  m_CorrespondingSourceObject: {fileID: 0}
  m_PrefabInstance: {fileID: 0}
  m_PrefabAsset: {fileID: 0}
  m_GameObject: {fileID: 1926713263296134}
  m_Enabled: 1
  m_EditorHideFlags: 0
  m_Script: {fileID: 11500000, guid: f3d939bdb47054442b867a5a47651971, type: 3}
  m_Name: 
  m_EditorClassIdentifier: 
  ComparisonMode: 4
  Distance: 0
--- !u!114 &114874041011462272
MonoBehaviour:
  m_ObjectHideFlags: 0
  m_CorrespondingSourceObject: {fileID: 0}
  m_PrefabInstance: {fileID: 0}
  m_PrefabAsset: {fileID: 0}
  m_GameObject: {fileID: 1926713263296134}
  m_Enabled: 1
  m_EditorHideFlags: 0
  m_Script: {fileID: 11500000, guid: fd47edc58ad0b6c42b9acfc8d37c445d, type: 3}
  m_Name: 
  m_EditorClassIdentifier: 
--- !u!114 &114931724555657090
MonoBehaviour:
  m_ObjectHideFlags: 0
  m_CorrespondingSourceObject: {fileID: 0}
  m_PrefabInstance: {fileID: 0}
  m_PrefabAsset: {fileID: 0}
  m_GameObject: {fileID: 1926713263296134}
  m_Enabled: 1
  m_EditorHideFlags: 0
  m_Script: {fileID: 11500000, guid: 4ce6650aa70b5cb49836740df729c5be, type: 3}
  m_Name: 
  m_EditorClassIdentifier: 
--- !u!114 &114621834260331780
MonoBehaviour:
  m_ObjectHideFlags: 0
  m_CorrespondingSourceObject: {fileID: 0}
  m_PrefabInstance: {fileID: 0}
  m_PrefabAsset: {fileID: 0}
  m_GameObject: {fileID: 1926713263296134}
  m_Enabled: 1
  m_EditorHideFlags: 0
  m_Script: {fileID: 11500000, guid: 20a4fc9499abe3c439e7a1994f876be1, type: 3}
  m_Name: 
  m_EditorClassIdentifier: 
  MinimumDistance: 0.1
--- !u!114 &114666484783241030
MonoBehaviour:
  m_ObjectHideFlags: 0
  m_CorrespondingSourceObject: {fileID: 0}
  m_PrefabInstance: {fileID: 0}
  m_PrefabAsset: {fileID: 0}
  m_GameObject: {fileID: 1926713263296134}
  m_Enabled: 1
  m_EditorHideFlags: 0
  m_Script: {fileID: 11500000, guid: b721a65aea05728478de449385bb18c4, type: 3}
  m_Name: 
  m_EditorClassIdentifier: 
  score: 20
