%YAML 1.1
%TAG !u! tag:unity3d.com,2011:
--- !u!1 &1218360336710086
GameObject:
  m_ObjectHideFlags: 0
  m_CorrespondingSourceObject: {fileID: 0}
  m_PrefabInstance: {fileID: 0}
  m_PrefabAsset: {fileID: 0}
  serializedVersion: 6
  m_Component:
  - component: {fileID: 4872837137368626}
  - component: {fileID: 212505300843103128}
  - component: {fileID: 50151731256894736}
  - component: {fileID: 61313002480779044}
  - component: {fileID: 114836295750313304}
  - component: {fileID: 114835921919583788}
  - component: {fileID: 114000137743273630}
  - component: {fileID: 114819250886132174}
  - component: {fileID: 114827355475012872}
  - component: {fileID: 114891850328160092}
  - component: {fileID: 95968132017484308}
  - component: {fileID: 114979568837232542}
  m_Layer: 13
  m_Name: CookieMonsterLvl2Left
  m_TagString: Enemies
  m_Icon: {fileID: 0}
  m_NavMeshLayer: 0
  m_StaticEditorFlags: 0
  m_IsActive: 1
--- !u!4 &4872837137368626
Transform:
  m_ObjectHideFlags: 0
  m_CorrespondingSourceObject: {fileID: 0}
  m_PrefabInstance: {fileID: 0}
  m_PrefabAsset: {fileID: 0}
  m_GameObject: {fileID: 1218360336710086}
  m_LocalRotation: {x: 0, y: 0, z: 0, w: 1}
  m_LocalPosition: {x: 3.0651977, y: -5.2006507, z: 0}
  m_LocalScale: {x: 3.4273338, y: 3.4273338, z: 3.4273338}
  m_Children: []
  m_Father: {fileID: 0}
  m_RootOrder: 0
  m_LocalEulerAnglesHint: {x: 0, y: 0, z: 0}
--- !u!212 &212505300843103128
SpriteRenderer:
  m_ObjectHideFlags: 0
  m_CorrespondingSourceObject: {fileID: 0}
  m_PrefabInstance: {fileID: 0}
  m_PrefabAsset: {fileID: 0}
  m_GameObject: {fileID: 1218360336710086}
  m_Enabled: 1
  m_CastShadows: 0
  m_ReceiveShadows: 0
  m_DynamicOccludee: 1
  m_MotionVectors: 1
  m_LightProbeUsage: 1
  m_ReflectionProbeUsage: 1
  m_RenderingLayerMask: 4294967295
  m_RendererPriority: 0
  m_Materials:
  - {fileID: 10754, guid: 0000000000000000f000000000000000, type: 0}
  m_StaticBatchInfo:
    firstSubMesh: 0
    subMeshCount: 0
  m_StaticBatchRoot: {fileID: 0}
  m_ProbeAnchor: {fileID: 0}
  m_LightProbeVolumeOverride: {fileID: 0}
  m_ScaleInLightmap: 1
  m_PreserveUVs: 0
  m_IgnoreNormalsForChartDetection: 0
  m_ImportantGI: 0
  m_StitchLightmapSeams: 0
  m_SelectedEditorRenderState: 0
  m_MinimumChartSize: 4
  m_AutoUVMaxDistance: 0.5
  m_AutoUVMaxAngle: 89
  m_LightmapParameters: {fileID: 0}
  m_SortingLayerID: 0
  m_SortingLayer: 0
  m_SortingOrder: 2
  m_Sprite: {fileID: 21300000, guid: 2060c854391a288479147080a780ee8a, type: 3}
  m_Color: {r: 1, g: 1, b: 1, a: 1}
  m_FlipX: 0
  m_FlipY: 0
  m_DrawMode: 0
  m_Size: {x: 0.23, y: 0.28}
  m_AdaptiveModeThreshold: 0.5
  m_SpriteTileMode: 0
  m_WasSpriteAssigned: 1
  m_MaskInteraction: 0
  m_SpriteSortPoint: 0
--- !u!50 &50151731256894736
Rigidbody2D:
  serializedVersion: 4
  m_ObjectHideFlags: 0
  m_CorrespondingSourceObject: {fileID: 0}
  m_PrefabInstance: {fileID: 0}
  m_PrefabAsset: {fileID: 0}
  m_GameObject: {fileID: 1218360336710086}
  m_BodyType: 1
  m_Simulated: 1
  m_UseFullKinematicContacts: 0
  m_UseAutoMass: 0
  m_Mass: 1
  m_LinearDrag: 0
  m_AngularDrag: 0.05
  m_GravityScale: 1
  m_Material: {fileID: 0}
  m_Interpolate: 0
  m_SleepingMode: 1
  m_CollisionDetection: 0
  m_Constraints: 0
--- !u!61 &61313002480779044
BoxCollider2D:
  m_ObjectHideFlags: 0
  m_CorrespondingSourceObject: {fileID: 0}
  m_PrefabInstance: {fileID: 0}
  m_PrefabAsset: {fileID: 0}
  m_GameObject: {fileID: 1218360336710086}
  m_Enabled: 1
  m_Density: 1
  m_Material: {fileID: 0}
  m_IsTrigger: 1
  m_UsedByEffector: 0
  m_UsedByComposite: 0
  m_Offset: {x: 0, y: -0.00073066354}
  m_SpriteTilingProperty:
    border: {x: 0, y: 0, z: 0, w: 0}
    pivot: {x: 0.5, y: 0.5}
    oldSize: {x: 0.22, y: 0.24}
    newSize: {x: 0.23, y: 0.28}
    adaptiveTilingThreshold: 0.5
    drawMode: 0
    adaptiveTiling: 0
  m_AutoTiling: 0
  serializedVersion: 2
  m_Size: {x: 0.23, y: 0.241038}
  m_EdgeRadius: 0
--- !u!114 &114836295750313304
MonoBehaviour:
  m_ObjectHideFlags: 0
  m_CorrespondingSourceObject: {fileID: 0}
  m_PrefabInstance: {fileID: 0}
  m_PrefabAsset: {fileID: 0}
  m_GameObject: {fileID: 1218360336710086}
  m_Enabled: 1
  m_EditorHideFlags: 0
  m_Script: {fileID: 11500000, guid: 76891b3b532f84acaaeed44c357bd00c, type: 3}
  m_Name: 
  m_EditorClassIdentifier: 
  TargetLayerMask:
    serializedVersion: 2
    m_Bits: 512
  DamageCaused: 10
  DamageCausedKnockbackType: 1
  DamageCausedKnockbackDirection: 0
  DamageCausedKnockbackForce: {x: 10, y: 2}
  InvincibilityDuration: 0.5
  DamageTakenEveryTime: 0
  DamageTakenDamageable: 0
  DamageTakenNonDamageable: 0
  DamageTakenKnockbackType: 0
  DamagedTakenKnockbackDirection: 0
  DamageTakenKnockbackForce: {x: 0, y: 0}
  DamageTakenInvincibilityDuration: 0.5
  FreezeFramesOnHitDuration: 0
  Owner: {fileID: 0}
--- !u!114 &114835921919583788
MonoBehaviour:
  m_ObjectHideFlags: 0
  m_CorrespondingSourceObject: {fileID: 0}
  m_PrefabInstance: {fileID: 0}
  m_PrefabAsset: {fileID: 0}
  m_GameObject: {fileID: 1218360336710086}
  m_Enabled: 1
  m_EditorHideFlags: 0
  m_Script: {fileID: 11500000, guid: 9716d97790a0a49889284ee813194576, type: 3}
  m_Name: 
  m_EditorClassIdentifier: 
  CurrentHealth: 0
  Invulnerable: 0
  InitialHealth: 1
  MaximumHealth: 1
  DamageEffect: {fileID: 0}
  DamageSfx: {fileID: 8300000, guid: 4709e6d9e03392b4a9d72a8bc19efb69, type: 3}
  FlickerSpriteOnHit: 1
  ImmuneToKnockback: 0
  DeathEffect: {fileID: 1293517875140216, guid: 850aecc686cb02347a7f685958f6f20e,
    type: 3}
  DestroyOnDeath: 1
  DelayBeforeDestruction: 0
  CollisionsOffOnDeath: 1
  DeathForce: {x: 0, y: 10}
  PointsWhenDestroyed: 0
  VibrateOnDeath: 0
  RespawnAtInitialLocation: 0
  isCameraShake: 1
  shakeParameters: {x: 0.5, y: 0.5, z: 1}
  instigateLayer: 16
--- !u!114 &114000137743273630
MonoBehaviour:
  m_ObjectHideFlags: 0
  m_CorrespondingSourceObject: {fileID: 0}
  m_PrefabInstance: {fileID: 0}
  m_PrefabAsset: {fileID: 0}
  m_GameObject: {fileID: 1218360336710086}
  m_Enabled: 1
  m_EditorHideFlags: 0
  m_Script: {fileID: 11500000, guid: 78d7f2a8cb34b9244af8b2ef45e5cf86, type: 3}
  m_Name: 
  m_EditorClassIdentifier: 
  direction: 0
  enemySpeed: 5
--- !u!114 &114819250886132174
MonoBehaviour:
  m_ObjectHideFlags: 0
  m_CorrespondingSourceObject: {fileID: 0}
  m_PrefabInstance: {fileID: 0}
  m_PrefabAsset: {fileID: 0}
  m_GameObject: {fileID: 1218360336710086}
  m_Enabled: 1
  m_EditorHideFlags: 0
  m_Script: {fileID: 11500000, guid: 26d2b97c2edb15b4687c405cac22ec21, type: 3}
  m_Name: 
  m_EditorClassIdentifier: 
  DefaultParameters:
    Gravity: -30
    FallMultiplier: 1
    AscentMultiplier: 1
    MaxVelocity: {x: 100, y: 100}
    SpeedAccelerationOnGround: 0
    SpeedAccelerationInAir: 0
    SpeedFactor: 0
    MaximumSlopeAngle: 30
    SlopeAngleSpeedFactor:
      serializedVersion: 2
      m_Curve:
      - serializedVersion: 3
        time: -90
        value: 1
        inSlope: 0
        outSlope: 0
        tangentMode: 0
        weightedMode: 0
        inWeight: 0
        outWeight: 0
      - serializedVersion: 3
        time: 0
        value: 1
        inSlope: 0
        outSlope: 0
        tangentMode: 0
        weightedMode: 0
        inWeight: 0
        outWeight: 0
      - serializedVersion: 3
        time: 90
        value: 1
        inSlope: 0
        outSlope: 0
        tangentMode: 0
        weightedMode: 0
        inWeight: 0
        outWeight: 0
      m_PreInfinity: 2
      m_PostInfinity: 2
      m_RotationOrder: 4
    Physics2DInteraction: 1
    Physics2DPushForce: 2
    DrawRaycastsGizmos: 1
    DisplayWarnings: 1
  PlatformMask:
    serializedVersion: 2
    m_Bits: 536871168
  MovingPlatformMask:
    serializedVersion: 2
    m_Bits: 262144
  OneWayPlatformMask:
    serializedVersion: 2
    m_Bits: 2048
  MovingOneWayPlatformMask:
    serializedVersion: 2
    m_Bits: 1048576
  MidHeightOneWayPlatformMask:
    serializedVersion: 2
    m_Bits: 0
  DetachmentMethod: 0
  StandingOn: {fileID: 0}
  NumberOfHorizontalRays: 8
  NumberOfVerticalRays: 8
  RayOffset: 0.05
  CrouchedRaycastLengthMultiplier: 1
  CastRaysOnBothSides: 0
  StickToSlopes: 0
  StickyRaycastLength: 0
  StickToSlopesOffsetY: 0.2
  AutomaticGravitySettings: 1
--- !u!114 &114827355475012872
MonoBehaviour:
  m_ObjectHideFlags: 0
  m_CorrespondingSourceObject: {fileID: 0}
  m_PrefabInstance: {fileID: 0}
  m_PrefabAsset: {fileID: 0}
  m_GameObject: {fileID: 1218360336710086}
  m_Enabled: 1
  m_EditorHideFlags: 0
  m_Script: {fileID: 11500000, guid: c5a93f3b324f15247b300aa8fd80eecb, type: 3}
  m_Name: 
  m_EditorClassIdentifier: 
  killEnemies: 0
--- !u!114 &114891850328160092
MonoBehaviour:
  m_ObjectHideFlags: 0
  m_CorrespondingSourceObject: {fileID: 0}
  m_PrefabInstance: {fileID: 0}
  m_PrefabAsset: {fileID: 0}
  m_GameObject: {fileID: 1218360336710086}
  m_Enabled: 1
  m_EditorHideFlags: 0
  m_Script: {fileID: 11500000, guid: b721a65aea05728478de449385bb18c4, type: 3}
  m_Name: 
  m_EditorClassIdentifier: 
  score: 30
--- !u!95 &95968132017484308
Animator:
  serializedVersion: 3
  m_ObjectHideFlags: 0
  m_CorrespondingSourceObject: {fileID: 0}
  m_PrefabInstance: {fileID: 0}
  m_PrefabAsset: {fileID: 0}
  m_GameObject: {fileID: 1218360336710086}
  m_Enabled: 1
  m_Avatar: {fileID: 0}
  m_Controller: {fileID: 9100000, guid: c4bf10cf087f3df439e2f3416d5d8d3b, type: 2}
  m_CullingMode: 0
  m_UpdateMode: 0
  m_ApplyRootMotion: 0
  m_LinearVelocityBlending: 0
  m_WarningMessage: 
  m_HasTransformHierarchy: 1
  m_AllowConstantClipSamplingOptimization: 1
  m_KeepAnimatorControllerStateOnDisable: 0
--- !u!114 &114979568837232542
MonoBehaviour:
  m_ObjectHideFlags: 0
  m_CorrespondingSourceObject: {fileID: 0}
  m_PrefabInstance: {fileID: 0}
  m_PrefabAsset: {fileID: 0}
  m_GameObject: {fileID: 1218360336710086}
  m_Enabled: 1
  m_EditorHideFlags: 0
  m_Script: {fileID: 11500000, guid: 38eace8ca25ce3449971eafb39dec012, type: 3}
  m_Name: 
  m_EditorClassIdentifier: 
  minTime: 1
  maxTime: 3
